<collection xmlns="http://www.loc.gov/MARC21/slim">
<record>
  <leader>01415nam0a2200301 i 450 </leader>
  <controlfield tag="001">IT\ICCU\CNCE\000204</controlfield>
  <controlfield tag="005">20151211000000.0</controlfield>
  <datafield tag="012" ind1=" " ind2=" ">
    <subfield code="a">o-g- o.ue unhe nine (3) 1600 (R)</subfield>
    <subfield code="2">fei</subfield>
  </datafield>
  <datafield tag="100" ind1=" " ind2=" ">
    <subfield code="a">19970101d1600        0itac0103    ba</subfield>
  </datafield>
  <datafield tag="101" ind1=" " ind2=" ">
    <subfield code="a">ITA</subfield>
  </datafield>
  <datafield tag="102" ind1=" " ind2=" ">
    <subfield code="a">IT</subfield>
  </datafield>
  <datafield tag="200" ind1="1" ind2=" ">
    <subfield code="a">Amorosi auuenimenti di due nobilissimi amanti. Gi ̉dal greco tradotti nella nostra lingua italiana per Francesco Angelo Coccio</subfield>
  </datafield>
  <datafield tag="210" ind1=" " ind2=" ">
    <subfield code="a">In Triuigi</subfield>
    <subfield code="c">appresso Aurelio Reghettini</subfield>
    <subfield code="d">1600</subfield>
    <subfield code="e">In Triuigi</subfield>
    <subfield code="g">appresso Fabritio Zanetti</subfield>
    <subfield code="h">1600</subfield>
  </datafield>
  <datafield tag="215" ind1=" " ind2=" ">
    <subfield code="a">\8!, 119 \i.e. 111!, \1! c.</subfield>
    <subfield code="d">8ʻ</subfield>
  </datafield>
  <datafield tag="620" ind1=" " ind2=" ">
    <subfield code="a">IT</subfield>
    <subfield code="d">Treviso</subfield>
  </datafield>
  <datafield tag="700" ind1=" " ind2="0">
    <subfield code="a">Achilles Tatius</subfield>
    <subfield code="c"> &lt;novelliere&gt;</subfield>
    <subfield code="3">IT\ICCU\CNCA\000442</subfield>
  </datafield>
  <datafield tag="702" ind1=" " ind2="1">
    <subfield code="a">Coccio,</subfield>
    <subfield code="b">Francesco Angelo</subfield>
    <subfield code="3">IT\ICCU\CNCA\000015</subfield>
  </datafield>
  <datafield tag="712" ind1="0" ind2="0">
    <subfield code="a">Reghettini, Aurelio</subfield>
    <subfield code="3">IT\ICCU\CNCT\000126</subfield>
    <subfield code="4">650</subfield>
  </datafield>
  <datafield tag="712" ind1="0" ind2="0">
    <subfield code="a">Zanetti, Fabrizio</subfield>
    <subfield code="3">IT\ICCU\CNCT\000127</subfield>
    <subfield code="4">650</subfield>
  </datafield>
  <datafield tag="791" ind1="0" ind2="0">
    <subfield code="a">Righettini, Aurelio</subfield>
    <subfield code="3">IT\ICCU\CNCT\002550</subfield>
    <subfield code="z">Reghettini, Aurelio</subfield>
  </datafield>
  <datafield tag="791" ind1="0" ind2="0">
    <subfield code="a">Reghettinus, Aurelius</subfield>
    <subfield code="3">IT\ICCU\CNCT\005342</subfield>
    <subfield code="z">Reghettini, Aurelio</subfield>
  </datafield>
  <datafield tag="791" ind1="0" ind2="0">
    <subfield code="a">Righetinus, Aurelius</subfield>
    <subfield code="3">IT\ICCU\CNCT\005351</subfield>
    <subfield code="z">Reghettini, Aurelio</subfield>
  </datafield>
  <datafield tag="791" ind1="0" ind2="0">
    <subfield code="a">Zanettus, Fabritius</subfield>
    <subfield code="3">IT\ICCU\CNCT\005794</subfield>
    <subfield code="z">Zanetti, Fabrizio</subfield>
  </datafield>
  <datafield tag="801" ind1=" " ind2="3">
    <subfield code="a">IT</subfield>
    <subfield code="b">ICCU</subfield>
    <subfield code="c">20201113</subfield>
  </datafield>
  <datafield tag="899" ind1=" " ind2=" ">
    <subfield code="a">Biblioteca civica. Padova</subfield>
    <subfield code="1">PD0090</subfield>
    <subfield code="2">PUV 55</subfield>
  </datafield>
  <datafield tag="899" ind1=" " ind2=" ">
    <subfield code="a">Biblioteca Casanatense. Roma</subfield>
    <subfield code="1">RM0313</subfield>
    <subfield code="2">RML 07</subfield>
  </datafield>
  <datafield tag="899" ind1=" " ind2=" ">
    <subfield code="a">Biblioteca comunale. Treviso</subfield>
    <subfield code="1">TV0114</subfield>
    <subfield code="2">VIA CT</subfield>
  </datafield>
  <datafield tag="899" ind1=" " ind2=" ">
    <subfield code="a">Biblioteca consorziale di Viterbo. Viterbo</subfield>
    <subfield code="1">VT0116</subfield>
    <subfield code="2">RMS B3</subfield>
  </datafield>
</record>
</collection>
